<?xml version="1.0" encoding="UTF-8"?><collection xmlns="http://www.loc.gov/MARC21/slim"><record><leader>00620nam--2200169-i-4500</leader><controlfield tag="001">000002799</controlfield><controlfield tag="002">20161230</controlfield><controlfield tag="005">20170127220049</controlfield><controlfield tag="008">060222s1000------------r-----000-0-eng-d</controlfield><datafield ind1=" " ind2=" " tag="020"><subfield code="a">1044</subfield></datafield><datafield ind1=" " ind2=" " tag="100"><subfield code="a">Bourbaki, N</subfield></datafield><datafield ind1=" " ind2=" " tag="245"><subfield code="a">Elements de mathematique. Premiere paartie: Les structures fondamentales de l`analyse. Livre I: Theorie des ensembles. (fascicule de resultat) 2-eme edition. Livre II: Algebre. cap. I, III, IV/V, VI/VII</subfield></datafield><datafield ind1=" " ind2=" " tag="260"><subfield code="a">Paris</subfield><subfield code="b">Hermann Et C-ie</subfield><subfield code="c">1948-1952</subfield></datafield><datafield ind1=" " ind2=" " tag="300"><subfield code="a">846-1141</subfield></datafield><datafield ind1=" " ind2=" " tag="490"><subfield code="a">Actualites scientifiques et industrielles</subfield></datafield><datafield ind1=" " ind2=" " tag="500"><subfield code="a">1102, 1179 (II)</subfield></datafield><datafield ind1=" " ind2=" " tag="CAT"><subfield code="a">SYS</subfield><subfield code="c">20170127</subfield><subfield code="h">220049</subfield></datafield></record></collection>